@book{InfoTheory,
    title={{Information Theory, Inference and Learning Algorithms}},
    author={MacKay, David J.C.},
    edition={9th},
    year={2010},
    publisher={Cambridge University Press Cambridge},
    annote={Discussing the possible implementation options with my supervisor, we are interested in investigating whether information theory topics such as compression and gain could provide solutions to the problem of deciding whether removing samples will affect variant calling downstream.},
}

@book{HMG,
    title={{Human Molecular Genetics}},
    author={Strachan, T. and Read, A. },
    edition={4th},
    year={2011},
    publisher={Garland Science},
    pages = {214--254},
    annote={A concise introduction to the processes involved in massively parallel DNA sequencing.},
}

@article{Illumina,
    title={{Improved base calling for the Illumina Genome Analyzer using machine learning strategies}},
    author={{Kircher, M., Stenzel, U., Kelso, J.}},
    journal={Genome Biology},
    volume={10},
    number={8},
    pages={R83},
    year={2009},
    annote={Useful introduction to relevant Illumina hardware and the errors that can occur during sequencing.},
}

@INPROCEEDINGS{220472,
    author={Shewhart, M.},
    booktitle={{Aerospace and Electronics Conference, 1992. NAECON 1992., Proceedings of the IEEE 1992 National}},
    title={{Interpreting statistical process control (SPC) charts using machine learning and expert system techniques}},
    year={1992},
    month={May},
    volume={3},
    pages={1001--1006},
    doi={10.1109/NAECON.1992.220472},
    annote={Relevant as a case study of the application of machine learning to statistical quality control.}
}
@article{shendure2008next,
    title={{Next-generation DNA sequencing}},
    author={Shendure, Jay and Ji, Hanlee},
    journal={Nature Biotechnology},
    volume={26},
    number={10},
    pages={1135--1145},
    year={2008},
    publisher={Nature Publishing Group},
    annote={In-depth review of next-generation sequencing hardware, including the history of sequencing technology, a comparison of current hardware and their advantages and disadvantages, and an outline of available tools for post-processing.}
}

@article{Kang200059,
    author = {Boo\--Sik Kang and Sang\-Chan Park},
    title = {{Integrated machine learning approaches for complementing statistical process control procedures}},
    journal = {{Decision Support Systems}},
    volume = "29",
    number = "1",
    pages = {59--72},
    year = "2000",
    issn = "0167-9236",
    doi = "http://dx.doi.org/10.1016/S0167-9236(00)00063-4",
    url = "http://www.sciencedirect.com/science/article/pii/S0167923600000634",
    annote={Summary of machine learning techniques and brief examples of their applicability to statistical process control.}
}


