@book{InfoTheory,
    title={{Information Theory, Inference and Learning Algorithms}},
    author={MacKay, David J.C.},
    edition={9th},
    year={2010},
    publisher={Cambridge University Press Cambridge},
    annote={Discussing the possible implementation options with my supervisor, we are interested in investigating whether information theory topics such as compression and gain could provide solutions to the problem of deciding whether removing samples will affect variant calling downstream.},
}

@book{HMG,
    title={{Human Molecular Genetics}},
    author={Strachan, T. and Read, A. },
    edition={4th},
    year={2011},
    publisher={Garland Science},
    pages = {214--254},
    annote={A concise introduction to the processes involved in massively parallel DNA sequencing.},
}
@book{HMG-DNA,
    title={{Human Molecular Genetics}},
    author={Strachan, T. and Read, A. },
    edition={4th},
    year={2011},
    publisher={Garland Science},
    chapter = {1},
    pages = {2--5},
    annote={An excellent introduction to DNA and RNA.},
}
@book{HMG-Chrom,
    title={{Human Molecular Genetics}},
    author={Strachan, T. and Read, A. },
    edition={4th},
    year={2011},
    publisher={Garland Science},
    chapter = {2},
    pages = {30},
    annote={Continuing from \citep{HMG-DNA}, introduces the concept of Chromosomes.},
}
@online{genomegov:costs,
    title = {{DNA Sequencing Costs: Data from the NHGRI Genome Sequencing Program (GSP)}},
    author = {{Kris Wetterstrand}},
    url = {http://www.genome.gov/sequencingcosts/}
}

@article{Illumina,
    title={{Improved base calling for the Illumina Genome Analyzer using machine learning strategies}},
    author={{M. Kircher, U. Stenzel and J. Kelso}},
    journal={Genome Biology},
    volume={10},
    number={8},
    pages={R83},
    year={2009},
    annote={Useful introduction to relevant Illumina hardware and the errors that can occur during sequencing.},
}

@INPROCEEDINGS{220472,
    author={Shewhart, M.},
    booktitle={{Aerospace and Electronics Conference, 1992. NAECON 1992., Proceedings of the IEEE 1992 National}},
    title={{Interpreting statistical process control (SPC) charts using machine learning and expert system techniques}},
    year={1992},
    month={May},
    volume={3},
    pages={1001--1006},
    doi={10.1109/NAECON.1992.220472},
    annote={Relevant as a case study of the application of machine learning to statistical quality control.}
}
@article{shendure2008next,
    title={{Next-generation DNA sequencing}},
    author={Shendure, Jay and Ji, Hanlee},
    journal={Nature Biotechnology},
    volume={26},
    number={10},
    pages={1135--1145},
    year={2008},
    publisher={Nature Publishing Group},
    annote={In-depth review of next-generation sequencing hardware, including the history of sequencing technology, a comparison of current hardware and their advantages and disadvantages, and an outline of available tools for post-processing.}
}

@article{Kang200059,
    author = {Boo\--Sik Kang and Sang\-Chan Park},
    title = {{Integrated machine learning approaches for complementing statistical process control procedures}},
    journal = {{Decision Support Systems}},
    volume = "29",
    number = "1",
    pages = {59--72},
    year = "2000",
    issn = "0167-9236",
    doi = "http://dx.doi.org/10.1016/S0167-9236(00)00063-4",
    url = "http://www.sciencedirect.com/science/article/pii/S0167923600000634",
    annote={Summary of machine learning techniques and brief examples of their applicability to statistical process control.}
}

@book{russell2010artificial,
    title={{Artificial Intelligence: A Modern Approach}},
    author={Russell, S.J. and Norvig, P.},
    isbn={9780136042594},
    lccn={2011288031},
    url={http://books.google.co.uk/books?id=8jZBksh-bUMC},
    year={2010},
    publisher={Prentice Hall},
    annote={{Recommended reading for last semester's Machine Learning module, providing an in-depth explanation of various machine learning algorithms that are available.}}
}

@ONLINE{about-scikit-learn,
    title = {{About Us}},
    author = {{scikit-learn}},
    url = {http://scikit-learn.org/stable/about.html},
    annote={{About the scikit-learn project.}}
}
@ONLINE{SciPystack,
    title = {{Scientific Computing Tools for Python}},
    author = {{SciPy.org}},
    url = {http://www.scipy.org/about.html},
    annote = {{About the SciPy project.}}
}
@ONLINE{scipy-lic,
    title = {SciPy license},
    author = {{SciPy.org}},
    url = {http://scipy.org/scipylib/license.html},
    annote = {{Licensing statement for SciPy}}
}
@ONLINE{numpy-lic,
    title = {NumPy license},
    author = {{NumPy.org}},
    url = {http://www.numpy.org/license.html},
    annote = {{Licensing statement for NumPy}}
}
@article{scikit-learn,
    title={Scikit-learn: Machine Learning in {P}ython},
    author={Pedregosa, F. and Varoquaux, G. and Gramfort, A. and Michel, V.
        and Thirion, B. and Grisel, O. and Blondel, M. and Prettenhofer, P.
        and Weiss, R. and Dubourg, V. and Vanderplas, J. and Passos, A. and
        Cournapeau, D. and Brucher, M. and Perrot, M. and Duchesnay, E.},
    journal={Journal of Machine Learning Research},
    volume={12},
    pages={2825--2830},
    year={2011},
    annote={A machine learning framework for Python.}
}

@Article{shark,
    author = {Christian Igel and Verena Heidrich-Meisner and Tobias Glasmachers},
    title = {Shark},
    journal = {{Journal of Machine Learning Research}},
    year = {2008},
    volume = {9},
    pages = {993-996},
    annote = {A machine learning framework for C++}
}

@Article{dlib,
    author = {Davis E. King},
    title = {{Dlib-ml: A Machine Learning Toolkit}},
    journal = {Journal of Machine Learning Research},
    year = {2009},
    volume = {10},
    pages = {1755-1758},
    annote = {A machine learning framework for C++}
}

@ONLINE{IlluminaHist:Online,
    title = {{History of Illumina Sequencing}},
    url = {http://www.illumina.com/technology/solexa_technology.ilmn},
    annote = {{Brief introduction to the history of Illumina and the Solexa technology.}}
}

@ONLINE{github:vr-pipe,
    title={{vr-pipe: A generic pipeline system [Github]}},
    url={https://github.com/wtsi-hgi/vr-pipe/},
    annote = {{Github repository for the Sanger Institute's vr-pipe probject.}}
}

@ONLINE{github:frontier,
    title={{Frontier [Github]}},
    url={https://github.com/SamStudio8/Frontier},
    annote = {{Github repository for the Frontier and Goldilocks packages.}}
}
@ONLINE{frontier,
    title = {{Frontier: Quality Control for Next Generation Sequencing}},
    author = {{Sam Nicholls}},
    year = {2014},
    url = {http://frontier.samnicholls.net/},
    annote = {{Self-authored blog providing updates on the project status.}}
}

@ONLINE{github:autoqc,
    title={{auto\_qc: Additional high-throughput sequencing autoQC steps [Github]}},
    url={https://github.com/wtsi-hgi/seq_autoqc},
    annote = {{Github repository for the Sanger Institute's auto\_qc system.}}
}
@ONLINE{github:triage,
    title={{Triage: A todo manager for the disaster that is your day [Github]}},
    url={https://github.com/SamStudio8/triage},
    annote = {{Github repository for the Triage task management application.}}
}
@ONLINE{sam:triage,
    title={{sam/Dissertation | Triage}},
    url={https://triage.ironowl.io/sam/dissertation/},
    annote ={{Public facing todo list outlining tasks for this project.}}
}

@ONLINE{jenkins-stats,
    title = {{Jenkins Usage Statistics}},
    url = {http://stats.jenkins-ci.org/jenkins-stats/svg/svgs.html},
    annote = {{Recent Jenkins usage statistics}}
}

@ARTICLE{fowler-ci,
    title={{Continuous Integration}},
    author={Martin Fowler},
    year={2006},
    url={{http://www.martinfowler.com/articles/continuousIntegration.html}},
    annote = {{Article detailing experiences with continuous integration and the practices required to make it work for a team.}}
}

@article{Bentley2008,
    title={Accurate whole human genome sequencing using reversible terminator chemistry},
    author={Bentley, David R and Balasubramanian, Shankar and Swerdlow, Harold P and Smith, Geoffrey P and Milton, John and Brown, Clive G and Hall, Kevin P and Evers, Dirk J and Barnes, Colin L and Bignell, Helen R and others},
    journal={Nature},
    volume={456},
    number={7218},
    pages={53--59},
    year={2008},
    publisher={Nature Publishing Group}
}

@article{Mardis2008,
    title={{Next-Generation DNA Sequencing Methods}},
    author={Mardis, Elaine R},
    journal={{Annual Review of Genomics and Human Genetics}},
    volume={9},
    pages={387--402},
    year={2008},
    publisher={Annual Reviews}
}
@article{Bouckaert,
 author = {{Bouckaert, Remco R. and Frank, Eibe and Hall, Mark A. and Holmes, Geoffrey and Pfahringer, Bernhard and Reutemann, Peter and Witten, Ian H.}},
 title = {{WEKA---Experiences with a Java Open-Source Project}},
 journal = {{Journal of Machine Learning Research}},
 volume = {11},
 month = {12},
 year = {2010},
 issn = {1532-4435},
 pages = {2533--2541},
 url = {http://dl.acm.org/citation.cfm?id=1756006.1953016},
 acmid = {1953016},
 publisher = {JMLR.org},
}

@article{samtools,
  author = {Li, H and Handsaker, B and Wysoker, A and Fennell, T and Ruan, J and Homer, N and Marth, G and Abecasis, G and Durbin, R and Subgroup, GPDP},
  doi = {10.1093/bioinformatics/btp352},
  journal = {Bioinformatics},
  pages = 2078,
  pubmedid = {19505943},
  title = {{The Sequence Alignment/Map format and SAMtools.}},
  volume = 25,
  year = 2009,
  annote = {{Paper outling the SAM/BAM file formats and introducing the samtools project.}}
}

@article{weka,
 author = {Hall, Mark and Frank, Eibe and Holmes, Geoffrey and Pfahringer, Bernhard and Reutemann, Peter and Witten, Ian H.},
 title = {{The WEKA Data Mining Software: An Update}},
 journal = {{SIGKDD Explorations Newsletter}},
 issue_date = {June 2009},
 volume = {11},
 number = {1},
 month = nov,
 year = {2009},
 issn = {1931-0145},
 pages = {10--18},
 numpages = {9},
 url = {http://doi.acm.org/10.1145/1656274.1656278},
 doi = {10.1145/1656274.1656278},
 acmid = {1656278},
 publisher = {ACM},
 address = {New York, NY, USA},
 annote = {{Article introducing the WEKA machine learning framework.}}
}

@Manual{man:rpart,
    title = {{rpart: Recursive Partitioning}},
    author = {Terry Therneau and Beth Atkinson and Brian Ripley},
    year = {2013},
    note = {R package version 4.1-3},
    url = {http://CRAN.R-project.org/package=rpart},
    annote = {{R manual for the rpart package.}}
}

@Manual{man:rtree,
    title = {{tree: Classification and regression trees}},
    author = {Brian Ripley},
    year = {2014},
    note = {R package version 1.0-35},
    url = {http://CRAN.R-project.org/package=tree},
    annote = {{R manual for the tree package.}}
}

@Manual{man:devtools,
    title = {{devtools: Tools to make developing R code easier}},
    author = {{Hadley Wickham and Winston Chang}},
    year = {2013},
    note = {R package version 1.4.1},
    url = {http://CRAN.R-project.org/package=devtools},
    annote = {{R manual for the devtools package.}}
}

@article{orange,
  author  = {Janez Dem\v{s}ar and Toma\v{z} Curk and Ale\v{s} Erjavec and \v{C}rt Gorup and
             Toma\v{z} Ho\v{c}evar and Mitar Milutinovi\v{c} and Martin Mo\v{z}ina and Matija Polajnar and
             Marko Toplak and An\v{z}e Stari\v{c} and Miha \v{S}tajdohar and Lan Umek and 
             Lan \v{Z}agar and Jure \v{Z}bontar and Marinka \v{Z}itnik and Bla\v{z} Zupan},
  title   = {{Orange: Data Mining Toolbox in Python}},
  journal = {{Journal of Machine Learning Research}},
  year    = {2013},
  volume  = {14},
  pages   = {2349-2353},
  url     = {http://jmlr.org/papers/v14/demsar13a.html},
  annote = {{Paper introducing the Orange machine learning framework.}}
}

@Misc{SciPy,
  author =    {Eric Jones and Travis Oliphant and Pearu Peterson and others},
  title =     {{SciPy}: Open source scientific tools for {Python}},
  year =      {2001--},
  url = "http://www.scipy.org/",
  annote = {{The SciPy project website.}}
}

@article{NumPySciPy,
  title={{Python for Scientific Computing}},
  author={Oliphant, Travis E},
  journal={{Computing in Science \& Engineering}},
  volume={9},
  number={3},
  pages={10--20},
  year={2007},
  publisher={AIP Publishing},
  annote = {{Paper introducing the SciPy stack, including NumPy and SciPy packages.}}
}

@ONLINE{argparse,
    title = {{argparse — Parser for command-line options, arguments and sub-commands}},
    author = {Steven Bethard},
    url = {https://docs.python.org/2.7/library/argparse.html},
    annote = {{Python documentation for the argparse library.}}
}
@ONLINE{argparse-pypi,
    title = {{argparse 1.2.1: Python command-line parsing library}},
    author = {Steven Bethard},
    url = {https://pypi.python.org/pypi/argparse/1.2.1},
    annote = {{Python Package Index record for the argparse library.}}
}

@Book{ggplot2,
    author = {Hadley Wickham},
    title = {ggplot2: elegant graphics for data analysis},
    publisher = {Springer New York},
    year = {2009},
    isbn = {978-0-387-98140-6},
    url = {http://had.co.nz/ggplot2/book},
    annote = {{A book introducing the ggplot2 graphing package for R. Of particular use for new users to the syntax of the package.}}
}

@Manual{man:R,
    title = {R: A Language and Environment for Statistical Computing},
    author = {{R Core Team}},
    organization = {R Foundation for Statistical Computing},
    address = {Vienna, Austria},
    year = {2013},
    url = {http://www.R-project.org/},
    annote = {{The R manual.}}
}

@UNPUBLISHED{marireport,
    title = {{Internal QC Summary Report}},
    author = {Mari Niemi},
    organization = {{Sanger Institute}},
    year = {2012},
    month = {09},
    note = {unpublished},
    annote = {{Internal Sanger report outlining the decisions applied by the QC team and what circumstances may lead to failure of lanelets.}}
}

@ONLINE{argh,
    title = {{aRrgh: a newcomer's (angry) guide to R}},
    author = {Tim Smith},
    url = {http://tim-smith.us/arrgh/},
    year = {2012--2013},
    annote = {{A useful alternate manual for the R programming language, highlighting elements of the language's syntax that may be potential pitfalls to new users.}}
}

# Images
@ONLINE{img:flowcell,
    title = {{Illumina HiSeq Flow Cell}},
    author = {{Maggie Bartlett}},
    organization = {{National Human Genome Research Institute}},
    url = {{http://www.genome.gov/dmd/img.cfm?node=Photos/Technology/Genome%20analysis%20technology&id=80102}},
    year = {2011},
    note = {image},
    annote = {{Public domain image of a flowcell.}}
}

@ONLINE{py:timecomplexity,
    title = {{Time Complexity}},
    author = {{Python Wiki}},
    year = {2012},
    url = {https://wiki.python.org/moin/TimeComplexity},
    annote = {{An introduction to Python data structures and their computational complexity.}}
}
@ONLINE{py:for-ai,
    title = {{Python for Artificial Intelligence}},
    author = {{Python Wiki}},
    year = {2014}
    url = {https://wiki.python.org/moin/PythonForArtificialIntelligence},
    annote = {{Python Wiki page listing many recommended packages for handling artificial intelligence and machine learning problems.}}
}

@article{pep8,
  title={{PEP 8 -- Style Guide for Python Code}},
  author={Van Rossum, Guido, Warsaw, Barry and Coghlan, Nick},
  journal={Python Enhancement Proposals},
  year={2001},
  url={http://legacy.python.org/dev/peps/pep-0008/},
  annote = {{Considered as the Python style guide.}}
}

@article{so:pythonprivate,
  title={{Does python have 'private' variables in classes?}},
  author={{Kirk Strauser (http://stackoverflow.com/users/ 32538/kirk-strauser)}},
  url={http://stackoverflow.com/questions/1641219/does-python-have-private-variables-in-classes},
  annote = {{StackOverflow discussion on the concept of private variables in Python.}}
}

@incollection{morandat-rperf,
    title={{Evaluating the design of the R language}},
    author={{Morandat, Flor{\'e}al and Hill, Brandon and Osvald, Leo and Vitek, Jan}},
    booktitle={{ECOOP 2012--Object-Oriented Programming}},
    pages={104--131},
    year={2012},
    publisher={Springer},
    annote = {{A thorough investigation in to the performance of the R programming language as compared to C and Python.}}
}

@ONLINE{jenkins,
    title = {Meet Jenkins},
    author = {{Kohsuke Kawaguchi}},
    url = {https://wiki.jenkins-ci.org/display/JENKINS/Meet+Jenkins},
    annote = {{About the Jenkins CI platform.}}
}

@ONLINE{travis-ci,
    title = {{Getting Started: Travis CI Overview}},
    url = {http://docs.travis-ci.com/user/getting-started/},
    annote = {{An introduction and overview of the Travis CI platform.}}
}

@ONLINE{wercker,
    title = {{Introduction to wercker}},
    url = {http://devcenter.wercker.com/articles/introduction/},
    annote = {{An introduction and overview of the Wercker CI platform.}}
}

@ONLINE{py-list,
    title = {{More on Lists}},
    author = {{Python Software Foundation}},
    url = {https://docs.python.org/2/tutorial/datastructures.html#more-on-lists},
    annote = {{Python documentation for the list data structure.}}
}

@ONLINE{py-dict,
    title = {{Dictionaries}},
    author = {{Python Software Foundation}},
    url = {https://docs.python.org/2/tutorial/datastructures.html#dictionaries},
    annote = {{Python documentation for the dictionary data structure.}}
}

@ONLINE{py-set,
    title = {{Sets}},
    author = {{Python Software Foundation}},
    url = {https://docs.python.org/2/tutorial/datastructures.html#sets},
    annote = {{Python documentation for the set data structure.}}
}

@ONLINE{py-unittest,
    title = {{unittest — Unit testing framework}},
    author = {{Python Software Foundation}},
    url = {https://docs.python.org/2/library/unittest.html},
    annote = {{Python documentation for the unittest library, providing an introduction and helpful examples.}}
}

@article{kendal2003exponential,
  title={{An Exponential Dispersion Model for the Distribution of Human Single Nucleotide Polymorphisms}},
  author={Kendal, Wayne S},
  journal={{Molecular Biology and Evolution}},
  volume={20},
  number={4},
  pages={579--590},
  year={2003},
  publisher={SMBE},
  annote = {{A paper investigation the density of SNPs across regions of the human genome. Presented as a use case for Goldilocks.}}
}

@Misc{oncelife,
  title = {{Once upon a time... Life}},
  author = {{Procidis and Albert Barillé}},
  year = {1987},
  note = {{[Television broadcast]}},
  annote = {{A 1980s television show to introduce children to the biology of the human body.}}
}

@Misc{bodyworks,
  title = {{How My Body Works}},
  author = {{Orbis Play and Learn, Albert Barillé}},
  year = {1992--1994},
  annote = {{A series of books designed to introduce children to the biology of the human body.}}
}

@ONLINE{hla-c6,
    title = {{HLA Gene Family}},
    author = {{U.S. National Library of Medicine}},
    year = {2009},
    url = {{http://ghr.nlm.nih.gov/geneFamily/hla}},
    annote = {{Information on HLA and its relationship with chromosome six.}}
}

@Online{irods,
    title = {{iRODS: About}},
    author = {{iRODS Consortium}},
    url = {http://irods.org/about/},
    annote = {{About the iRODS data management platform.}}
}

@Online{github:irods,
    title = {{irods: Middleware for your critical data [Github]}}
    url = {https://github.com/irods/irods},
    annote = {{Github repository for the iRODS data management platform.}}
}
@Online{github:samtools-irods,
    title = {{samtools\_irods [Github]}},
    author = {Kevin Lewis},
    organization = {{WTSI}},
    url = {https://github.com/wtsi-npg/samtools_irods},
    annote = {{Github repository for the samtools\_irods tool.}}
}

@Article{irods-sanger,
    AUTHOR = {Chiang, Gen-Tao and Clapham, Peter and Qi, Guoying and Sale, Kevin and Coates, Guy},
    TITLE = {{Implementing a genomic data management system using iRODS in the Wellcome Trust Sanger Institute}},
    JOURNAL = {{BMC Bioinformatics}},
    VOLUME = {12},
    YEAR = {2011},
    NUMBER = {1},
    PAGES = {361},
    URL = {http://www.biomedcentral.com/1471-2105/12/361},
    DOI = {10.1186/1471-2105-12-361},
    PubMedID = {21906284},
    ISSN = {1471-2105},
    annote = {{Paper introducing Sanger's implementation of the iRODS data management platform.}}
}

@Manual{man:samtools,
    title = {{Manual Reference Pages  - samtools (1): Samtools Commands And Options}},
    organization = {SAM tools Project},
    url = {http://samtools.sourceforge.net/samtools.shtml#3},
    annote = {{Manual reference page for the samtools tool collection.}}
}
@Manual{man:bcftools-call,
    title = {{The bcftools/htslib VCF commands: bcftools call}},
    organization = {VCFTools Project},
    url = {http://vcftools.sourceforge.net/htslib.html#call},
    annote = {{Manual reference page for the bcftools call command.}}
}
@Manual{man:bcftools-query,
    title = {{The bcftools/htslib VCF commands: bcftools query}},
    organization = {VCFTools Project},
    url = {http://vcftools.sourceforge.net/htslib.html#query},
    annote = {{Manual reference page for the bcftools query command.}}
}
@Manual{man:bcftools-call2,
    title = {{bcftools call}},
    organization = {Genome Research Ltd.},
    url = {http://samtools.github.io/bcftools/bcftools.html#call},
    annote = {{Additional manual and reference material on the bcftools call command.}}
}

@ONLINE{samtools-mpileup,
    title = {{Calling SNPs/INDELs with SAMtools/BCFtools}},
    organization = {SAM tools Project},
    url = {http://samtools.sourceforge.net/mpileup.shtml},
    annote = {{Manual reference page for the samtools mpileup command, including examples and suggestions on usage.}}
}

@ONLINE{1k-refs,
    title = {{1000 Genomes FAQ: Which reference assembly do you use?}},
    author = {{1000 Genomes}},
    url = {http://www.1000genomes.org/faq/which-reference-assembly-do-you-use},
    annote = {{Discussion of the reference genomes used by the 1000 Genomes Project.}}
}
@ONLINE{1k-slides,
    title = {{The missing human sequences (version 5)}},
    author = {{Heng Li}},
    year = {2011},
    url = {ftp://ftp.1000genomes.ebi.ac.uk/vol1/ftp/technical/reference/phase2_reference_assembly_sequence/hs37d5.slides.pdf},
    annote = {{An introduction in to the reference sequence used by the second phase of the 1000 Genomes Project.}}
}

@ONLINE{biostar:decoy,
    title = {{Decoy In Reference Assembly}},
    author = {{zam.iqbal.genome (https://www.biostars.org/u/5152/)}},
    year = {2013},
    url = {https://www.biostars.org/p/73100/#73120},
    annote = {{A BioStar question related to the usage of 'decoy' sequences in the reference sequence used by the second phase of the 1000 Genomes Project.}}
}

@article{cornish1985nomenclature,
  title={{Nomenclature for Incompletely Specified Bases in Nucleic Acid Sequences: Recommendations 1984.}},
  author={Cornish-Bowden, Athel},
  journal={Nucleic Acids Research},
  volume={13},
  number={9},
  pages={3021},
  year={1985},
  publisher={Oxford University Press},
  annote = {{Specification for the nomenclature of nucleotide bases that are potentially ambiguous or missing.}}
}

@book{liebecq1992biochemical,
  title={{Biochemical Nomenclature and Related Documents}},
  author={Li\'{e}becq, Claude},
  year={1992},
  publisher={Portland Press},
  annote = {{Specification for the nomenclature of nucleotide bases.}}
}

@manual{snpeff-concordance,
    title = {{SnpSift Concordance}},
    author = {{Pablo Cingolani}},
    year = {2013},
    url = {http://snpeff.sourceforge.net/SnpSift.html#concordance},
    annote = {{SnpSift Concordance software for measuring concordance between two VCF files.}}
}

@manual{man:git,
    title = {{Git - Documentation}},
    url = {http://git-scm.com/docs},
    annote = {{An introduction to git.}}
}

@ONLINE{sl:trees,
    title = {{Decision Trees}},
    author = {{scikit-learn developers}},
    year = {2010--2013},
    url = {http://scikit-learn.org/stable/modules/tree.html},
    annote = {{scikit-learn's introduction to trees including benefits and disadvantages.}}
}

@ONLINE{sl:dtc,
    title = {{sklearn.tree.DecisionTreeClassifier}},
    author = {{scikit-learn developers}},
    year = {2010--2013},
    url = {{http://scikit-learn.org/stable/modules/generated/sklearn.tree.DecisionTreeClassifier.html}},
    annote = {{scikit-learn manual entry for usage of its DecisionTreeClassifier, including examples and tips.}}
}

@ONLINE{sl:skf,
    title = {{sklearn.cross\_validation.StratifiedKFold}},
    author = {{scikit-learn developers}},
    year = {2010--2013},
    url = {{http://scikit-learn.org/stable/modules/generated/sklearn.cross\_validation.StratifiedKFold.html}},
    annote = {{scikit-learn manual entry for usage of the StratifiedKFold class for creating proportionally weighted training and testing folds.}}
}

@ONLINE{sl:tips,
    title = {{Decision Trees -- Tips on practical use}},
    author = {{scikit-learn developers}},
    year = {2010--2013},
    url = {http://scikit-learn.org/stable/modules/tree.html#tips-on-practical-use},
    annote = {{Helpful tips on the practical use of the scikit-learn DecisionTreeClassifier class.}}
}

@ONLINE{gini,
    title = {{Random Forests: Gini importance}},
    author = {{L. Breiman, and A. Cutler}},
    url = {http://www.stat.berkeley.edu/~breiman/RandomForests/cc_home.htm},
    annote = {{Explanation of the Gini importance method for calculating feature importances.}}
}

@book{knuth1998art-variance,
    title={Art of Computer Programming, Volume II: Seminumerical Algorithms},
    author={Knuth, Donald E},
    year={1998},
    edition={3},
    volume={2},
    pages={232},
    annote = {{An efficient algorithm for the computation of running means and variances.}}
}

@ONLINE{vcf,
    title = {{The Variant Call Format (VCF) Version 4.2 Specification}},
    organization = {SAM tools Project},
    url = {http://samtools.github.io/hts-specs/VCFv4.2.pdf},
    annote = {{The VCF file specification, an essential reference when creating software designed to interact with either the VCF or BCF formats.}}
}

@article{vcft,
    author = {{Danecek, Petr and Auton, Adam and Abecasis, Goncalo and Albers, Cornelis A. and Banks, Eric and DePristo, Mark A. and Handsaker, Robert E. and Lunter, Gerton and Marth, Gabor T. and Sherry, Stephen T. and McVean, Gilean and Durbin, Richard and 1000 Genomes Project Analysis Group}},
    title = {{The Variant Call Format and VCFtools}},
    volume = {27},
    number = {15},
    pages = {2156-2158},
    year = {2011},
    doi = {10.1093/bioinformatics/btr330},
    URL = {http://bioinformatics.oxfordjournals.org/content/27/15/2156.abstract},
    eprint = {http://bioinformatics.oxfordjournals.org/content/27/15/2156.full.pdf+html},
    journal = {Bioinformatics},
    annote = {{Paper introducing the VCF file format and VCFTools software collection.}}
}

@ONLINE{bam,
    title = {{Sequence Alignment/Map Format Specification}},
    author = {{The SAM/BAM Format Specification Working Group}},
    year = {2014},
    url={http://samtools.github.io/hts-specs/SAMv1.pdf},
    annote = {{The SAM/BAM file format specification, a useful reference when implementing algorithms that must interact with either format.}}
}
